<?xml version="1.0" encoding="UTF-8"?><collection xmlns="http://www.loc.gov/MARC21/slim"><record><leader>00398nam--2200133-i-4500</leader><controlfield tag="001">000042127</controlfield><controlfield tag="002">20161230</controlfield><controlfield tag="005">20161230201043</controlfield><controlfield tag="008">060222s1000------------r-----000-0-eng-d</controlfield><datafield ind1=" " ind2=" " tag="080"><subfield code="a">621.316.26</subfield></datafield><datafield ind1=" " ind2=" " tag="100"><subfield code="a">Sokolov,D.V</subfield></datafield><datafield ind1=" " ind2=" " tag="245"><subfield code="a">Montarea echipamentului electric al statiilor de transformare din intreprinderile industriale</subfield></datafield><datafield ind1=" " ind2=" " tag="260"><subfield code="a">Bucuresti, Ed.Energetica De Stat, 1954. 206 P</subfield></datafield><datafield ind1=" " ind2=" " tag="852"><subfield code="a">26084</subfield></datafield></record></collection>